<record xmlns="http://www.loc.gov/MARC21/slim" xmlns:xsi="http://www.w3.org/2001/XMLSchema-instance" xsi:schemaLocation="http://www.loc.gov/MARC21/slim http://www.loc.gov/standards/marcxml/schema/MARC21slim.xsd"><leader>00369nz   2200121n  4500</leader><controlfield tag="001">oca03771612 </controlfield><controlfield tag="005">19950210153046.4</controlfield><controlfield tag="008">950210n| acannaab|          |n aaa |||  </controlfield><datafield ind1=" " ind2=" " tag="010"><subfield code="a">n  95013863 </subfield></datafield><datafield ind1=" " ind2=" " tag="040"><subfield code="a">DLC</subfield><subfield code="c">DLC</subfield></datafield><datafield ind1="0" ind2=" " tag="100"><subfield code="a">Ion,</subfield><subfield code="c">of Chios</subfield></datafield><datafield ind1=" " ind2=" " tag="670"><subfield code="a">Testimonia et fragmenta, 1992:</subfield><subfield code="b">t.p. (Ionis Chii)</subfield></datafield><datafield ind1=" " ind2=" " tag="670"><subfield code="a">Oxford classical dict., 1949</subfield><subfield code="b">(Ion of Chios, probably born 490 B.C.)</subfield></datafield></record>